% -*- mode: bibtex; bibtex-dialect: biblatex -*-

@article{varrela2015mobile,
  title={Mobile first as a best practice in web design},
  author={Varrela, Otto},
  year={2015},
  month={5},
  journal={Tampereen ammattikorkeakoulu}
}

@article{Navarro2023El,
	author = {Navarro-G{\" u}ere, H{\' e}ctor},
	journal = {Revista Mediterr{\' a}nea de Comunicaci{\' o}n},
	number = {1},
	year = {2023},
	month = {1},
	pages = {69},
	publisher = {Universidad de Alicante Servicio de Publicaciones},
	title = {El v{\' i}deo en formato vertical. {Una} revisi{\' o}n de la literatura en comunicaci{\' o}n},
	volume = {14},
}

@Online{DIGITUSUniversal,
  urldate = {2024-03-09},
	editor = {Digitus},
	title = {DA-90401 - {Dual} {Monitor} {Stand}},
	url = {https://www.assmann.com/product-pdf/4016032465171?PL=en},
  year = {2020}
}

@article{WeardenPortrait,
	author = {Wearden, Stanley T. and Fidler, Roger and Schierhorn, Ann B. and Schierhorn, Carl},
	journal = {Newspaper Research Journal},
	number = {4},
	pages = {50--61},
	title = {Portrait vs. {Landscape}: Potential {Users}' {Preferences} for {Screen} {Orientation}},
	volume = {20},
  year = {1999},
}

@Online{LCLC,
	urldate = {2024-03-09},
	editor = {LC Power},
  year = {2020},
	title = {LC-{M27}-{QHD}-180 - 27" {PC} {Monitor} {Specifications}},
	url = {https://www.lc-power.com/fileadmin/user_upload/pdf/english/Monitore/LC-M27-QHD-180/LC-M27-QHD-180_datasheet.pdf},
}

@book{Axelson2015USB,
	author = {Axelson, Jan},
  year = {2015},
	month = {3},
	publisher = {Lakeview Research LLC},
	title = {USB {Complete}: The {Developer}'s {Guide}, {Fifth} {Edition}},
}

@Online{Council2022Common,
	urldate = {2024-03-11},
	author = {Tarradellas Espuny, Ferran},
	year = {2022},
	month = {10},
	title = {Common charger: EU ministers give final approval to one-size-fits-all charging port},
	url = {https://www.consilium.europa.eu/en/press/press-releases/2022/10/24/common-charger-eu-ministers-give-final-approval-to-one-size-fits-all-charging-port/},
}

@Online{Contributors2024USB,
	urldate = {2024-03-11},
	editor = {Wikipedia},
	year = {2024},
	month = {3},
	title = {USB hardware},
	url = {https://en.wikipedia.org/wiki/USB_hardware},
}

@Online{Johnson2023usb,
	urldate = {2024-03-12},
	author = {Johnson, Nick},
	year = {2023},
	month = {10},
	title = {USB-IF: No {VID} for open source},
	url = {http://www.arachnidlabs.com/blog/2013/10/18/usb-if-no-vid-for-open-source/},
}

@Online{OpenMokoUSB,
	urldate = {2024-03-12},
	editor = {Openmoko},
  year = {2018},
  month = {6},
	title = {USB {Product} {IDs}},
	url = {http://wiki.openmoko.org/wiki/USB_Product_IDs},
}

@article{kumar2017impact,
  title={The impact of psychological pricing strategy on consumers' buying behaviour: a qualitative study},
  author={Kumar, Santosh and Pandey, Mrinalini},
  journal={International journal of business and systems research},
  volume={11},
  number={1-2},
  pages={101--117},
  year={2017},
  publisher={Inderscience Publishers (IEL)}
}

@INPROCEEDINGS{6702711,
  author={Rincón Pasaye, J. and Bonales Valencia, A. and Jiménez Pérez, F.},
  booktitle={2013 IEEE International Autumn Meeting on Power Electronics and Computing (ROPEC)}, 
  title={Tilt measurement based on an Accelerometer, a Gyro and a Kalman Filter to control a self-balancing vehicle}, 
  year={2013},
  pages={1-5},
  keywords={Accelerometers;Kalman filters;Vehicles;Pollution measurement;Mathematical model;Noise;Equations;Accelerometer;Gyro;Kalman Filter;Measurement;Control},
  doi={10.1109/ROPEC.2013.6702711}
}

@Online{Wayland,
	urldate = {2024-05-11},
	editor = {Viquipèdia},
	year = {2023},
	month = {7},
	title = {Wayland (protocol)},
	url = {https://ca.wikipedia.org/wiki/Wayland_(protocol)},
}

@Online{Ifconfig,
	urldate = {2024-04-28},
	editor = {Wikipedia},
	year = {2024},
	month = {4},
	title = {Ifconfig},
	url = {https://en.wikipedia.org/wiki/Ifconfig},
}

@techreport{PedleyTilt,
	author = {Pedley, Mark},
	institution = {Freescale Semiconductor},
  year = {2013},
	title = {Tilt {Sensing} {Using} a {Three}-{Axis} {Accelerometer}},
}

@Online{VusbLicensing,
  title = {Licensing the V-USB Driver},
  url = {https://www.obdev.at/products/vusb/license.html},
  urldate = {2024-03-28},
  year = {2012},
  month = {7},
  editor = {Objective Development},
}

% Repeating author multiple times to trigger et al. (i'm too lazy to put the
% real names of the other authors for only this .bib file).
@Online{PidCodes,
  title = {pid.codes},
  url = {https://pid.codes},
  urldate = {2024-04-21},
  year = {2015},
  month = {4},
  author = {Scott Shawcroft and Scott Shawcroft and Scott Shawcroft and Scott Shawcroft},
}

@Online{PidCodesFaq,
  title = {Frequently Asked Questions - pid.codes},
  url = {https://pid.codes/faq},
  urldate = {2024-04-21},
  year = {2021},
  month = {1},
  author = {Scott Shawcroft and Scott Shawcroft and Scott Shawcroft and Scott Shawcroft},
}

@Online{Kickstarter,
  title = {About - Kickstarter},
  editor = {Kickstarter},
  url = {https://www.kickstarter.com/},
  year = {2024},
  urldate = {2024-05-21},
}

@Online{adxl335,
  title = {ADXL335: A Small, Low Power, 3-Axis ±3 g Accelerometer},
  url = {https://www.analog.com/en/products/adxl335.html},
  urldate = {2024-03-20},
  year = {2010},
  month = {1},
  editor = {Analog Devices},
}

@Online{mpu6050specs,
  url = {https://invensense.tdk.com/wp-content/uploads/2015/02/MPU-6000-Datasheet1.pdf},
  title = {MPU-6000 and MPU-6050 Product Specification, Revision 3.4},
  editor = {TDK InvenSense},
  year = {2013},
  month = {8},
  urldate = {2024-03-22}
}

@Online{gy521,
  url = {https://protosupplies.com/product/mpu-6050-gy-521-3-axis-accel-gryo-sensor-module/},
  title = {MPU-6050 GY-521 3-Axis Accel \& Gryo Sensor Module},
  editor = {ProtoSupplies},
  year = {2016},
  urldate = {2024-03-22},
}

@Online{AtMega32u4,
  url = {http://ww1.microchip.com/downloads/en/devicedoc/Atmel-7766-8-bit-AVR-ATmega16U4-32U4_Summary.pdf},
  title = {ATmega16U4/ATmega32U4 Datasheet},
  editor = {Atmel},
  month = {4},
  year = {2016},
  urldate = {2024-02-22},
}

@Online{AvrComparison,
  url = {https://www.futurlec.com/ICAtmel_ATMega_Comparison.shtml},
  title = {ATmega Microcontroller Series - Comparison Table},
  editor = {Futurlec},
  year = {2014},
  urldate = {2024-02-29},
}

@Online{AtTiny85,
  url = {https://ww1.microchip.com/downloads/en/devicedoc/atmel-2586-avr-8-bit-microcontroller-attiny25-attiny45-attiny85_datasheet.pdf},
  title = {ATtiny25/V / ATtiny45/V / ATtiny85/V Datasheet},
  editor = {Atmel},
  month = {8},
  year = {2013},
  urldate = {2024-03-10},
}

@Online{Digispark,
  url = {https://www.instructables.com/Digispark-DIY-The-smallest-USB-Arduino/},
  title = {Digispark DIY: the Smallest USB Arduino},
  editor = {Autodesk Instructables},
  year = {2013},
  urldate = {2024-03-04},
}

@Online{DigisparkBootloader,
  url = {https://gist.github.com/Ircama/22707e938e9c8f169d9fe187797a2a2c},
  title = {Configuring the Digispark ATTINY85 board for Arduino IDE and upgrading the bootloader},
  editor = {Github/Icrama},
  year = {2019},
  urldate = {2024-04-01},
}

@Online{I2cTinyUsb,
  url = {https://github.com/harbaum/I2C-Tiny-USB},
  title = {I2C-Tiny-USB: Cheap and simple I²C to USB interface},
  author = {Till Harbaum},
  year = {2019},
  urldate = {2024-03-05},
}

@Online{I2cTinyKernel,
  url = {https://github.com/torvalds/linux/blob/master/drivers/i2c/busses/i2c-tiny-usb.c},
  title = {Linux kernel source code: i2c-tiny-usb.c},
  author = {Till Harbaum},
  year = {2007},
  urldate = {2024-04-15},
}

@Online{JlcPcb,
  url = {https://jlcpcb.com/aboutUs},
  title = {About JLCPCB},
  year = {2024},
  urldate = {2024-03-31},
  editor = {JLCPCB},
}

@Online{Oshwa,
  url = {https://www.oshwa.org/about/},
  title = {About OSHWA},
  year = {2024},
  editor = {OSHWA},
  urldate = {2024-04-13},
}

@Online{CreateUdevRules,
  url = {https://medium.com/@darshankt/setting-up-the-udev-rules-for-connecting-multiple-external-devices-through-usb-in-linux-28c110cf9251},
  title = {Setting up the udev-rules for connecting multiple external devices through USB in Linux},
  author = {K. Darshan},
  year = {2019},
  month = {10},
  urldate = {2024-03-20},
}

@Online{VusbProjects,
  url = {https://github.com/visakhanc/vusb_projects},
  title = {V-USB Projects: Some V-USB projects on AVR ATmega8},
  author = {C. Visakhan},
  year = {2016},
  month = {4},
  urldate = {2024-03-20},
}

@Online{Vusb,
  url = {https://github.com/obdev/v-usb/},
  title = {V-USB: A Firmware-Only USB implementation for Atmel's AVR Microcontrollers},
  editor = {Objective Development},
  year = {2020},
  month = {10},
  urldate = {2024-03-02},
}

@Online{Watchdog,
  url = {https://ca.wikipedia.org/wiki/Watchdog},
  title = {Watchdog},
  editor = {Viquipèdia},
  year = {2022},
  month = {5},
  urldate = {2024-05-02},
}

@Online{InstallWireshark,
  url = {https://stackoverflow.com/a/31054438},
  title = {How to install Wireshark on Linux and capture USB traffic?},
  author = {Willi Mentzel},
  year = {2021},
  urldate = {2024-02-29},
  month = {1},
}

@Online{I2c,
  url = {https://ca.wikipedia.org/wiki/I%C2%B2C},
  title = {I²C},
  editor = {Viquipèdia},
  year = {2023},
  month = {6},
  urldate = {2024-03-05},
}

@Online{MPU6050reg,
  url = {https://invensense.tdk.com/wp-content/uploads/2015/02/MPU-6000-Register-Map1.pdf},
  title = {MPU-6000 and MPU-6050 Register Map and Descriptions, Revision 4.2},
  editor = {TDK InvenSense},
  year = {2013},
  month = {8},
  urldate = {2024-03-10},
}

@Online{Isp,
  url = {https://en.wikipedia.org/wiki/In-system_programming},
  title = {In-system programming},
  editor = {Wikipedia},
  month = {12},
  year = {2023},
  urldate = {2024-04-05},
}

@Online{ArduinoIsp,
  url = {https://docs.arduino.cc/built-in-examples/arduino-isp/ArduinoISP/},
  title = {Arduino as ISP and Arduino Bootloaders},
  year = {2023},
  month = {9},
  editor = {Arduino},
  urldate = {2024-05-20},
}

@Online{USBGetting,
  url = {https://usb.org/getting-vendor-id},
  title = {Getting a Vendor ID},
  editor = {USB-IF},
  year = {2024},
  urldate = {2024-02-20},
}

@Online{HidHut,
  url = {https://usb.org/document-library/hid-usage-tables-15},
  title = {HID Usage Tables, revision 1.5},
  year = {2024},
  month = {1},
  editor = {USB-IF},
  urldate = {2024-03-30},
}

@Online{BluetoothHid,
  url = {https://ca.wikipedia.org/wiki/Dispositiu_d%27interf%C3%ADcie_humana},
  title = {Dispositiu d'interfície humana},
  year = {2023},
  month = {1},
  editor = {Viquipèdia},
  urldate = {2024-05-10},
}

@Online{LinuxHid,
  url = {https://docs.kernel.org/hid/hidintro.html},
  title = {Linux HID},
}

@Online{Udev,
  url = {https://en.wikipedia.org/wiki/Udev},
  title = {Udev},
}

@Online{Libusb,
  url = {https://libusb.info/},
  title = {LibUSB},
}

@Online{Libhid,
  url = {https://github.com/libusb/hidapi},
  title = {HidAPI},
}

@Online{LibhidUI,
  url = {https://github.com/todbot/hidapitester},
  title = {HidApiTester},
}
%4
@Online{KernelIioAccel,
  url = {https://github.com/torvalds/linux/blob/master/drivers/iio/accel/hid-sensor-accel-3d.c},
  title = {Kernel IIO Accelerometer 3D},
}

@Online{Iio,
  url = {https://www.kernel.org/doc/html/v4.12/driver-api/iio/index.html},
  title = {IIO},
}

@Online{Xlib,
  url = {https://es.wikipedia.org/wiki/Xlib},
  title = {Xlib},
}

@Online{Systemd,
  url = {https://ca.wikipedia.org/wiki/Systemd},
  title = {Systemd},
}

@Online{Xrandr,
  url = {https://x.org/releases/X11R7.5/doc/man/man1/xrandr.1.html},
  title = {Xrandr},
}
%3
@Online{ManSSH,
  url = {https://man7.org/linux/man-pages/man1/ssh.1.html},
  title = {Man SSH},
}

@Online{XrandrVars,
  url = {https://unix.stackexchange.com/questions/209746/how-to-resolve-no-protocol-specified-for-su-user},
  title = {Xrandr env vars},
}

@Online{Xhost,
  url = {https://linux.die.net/man/1/xhost},
  title = {Man Xhost},
}

@Online{Libiio,
  url = {https://github.com/analogdevicesinc/libiio},
  title = {Libiio},
}

@Online{LibiioPR,
  url = {https://github.com/analogdevicesinc/libiio/pull/1159},
  title = {Libiio PR},
}
%2
@Online{Pyudev,
  url = {https://pypi.org/project/pyudev/},
  title = {Pyudev},
}

@Online{CpythonHid,
  url = {https://github.com/trezor/cython-hidapi},
  title = {Cpython HID API},
}

@Online{Pyrandr,
  url = {https://github.com/cakturk/pyrandr},
  title = {Pyrandr},
}

@Online{PyrandrOwn,
  url = {https://github.com/royalmo/pyrandr},
  title = {Pyrandr},
}

@Online{InstallPython3,
  url = {https://wiki.debian.org/Python/LibraryStyleGuide},
  title = {Python Packaging Library Style Guide},
}
%1
@Online{PythonSystemdTutorial,
  url = {https://github.com/torfsen/python-systemd-tutorial},
  title = {Python Systemd tutorial},
}

@Online{UbuntuSupport,
  url = {https://ubuntu.com/about/release-cycle},
  title = {Ubuntu About support},
}

@Online{DebCreation,
  url = {https://earthly.dev/blog/creating-and-hosting-your-own-deb-packages-and-apt-repo/},
  title = {Creating DEB packages},
}

@Online{PandocTutorial,
  url = {https://eddieantonio.ca/blog/2015/12/18/authoring-manpages-in-markdown-with-pandoc/},
  title = {Pandoc Tutorial},
}

@Online{Manpage,
  url = {https://man7.org/linux/man-pages/man7/man-pages.7.html},
  title = {Manpage Format},
}
