% -*- mode: bibtex; bibtex-dialect: biblatex -*-
% Aqui va la base de dades bibliografica

@article{varrela2015mobile,
  title={Mobile first as a best practice in web design},
  author={Varrela, Otto},
  year={2015},
  publisher={Tampereen ammattikorkeakoulu}
}

@article{Navarro2023El,
	note = {[Online; accessed 2024-03-09]},
	author = {Navarro-G{\" u}ere, H{\' e}ctor},
	journal = {Revista Mediterr{\' a}nea de Comunicaci{\' o}n},
	number = {1},
	year = {2023},
	month = {jan 1},
	pages = {69},
	publisher = {Universidad de Alicante Servicio de Publicaciones},
	title = {El v{\' i}deo en formato vertical. {Una} revisi{\' o}n de la literatura en comunicaci{\' o}n},
	volume = {14},
}

@misc{DIGITUSUniversal,
	note = {[Online; accessed 2024-03-09]},
	author = {,},
	title = {Universal {Dual} {Monitor} {Stand}},
	howpublished = {https://www.assmann.com/product-pdf/4016032465171?PL=en},
}

@article{WeardenPortrait,
	author = {Wearden, Stanley T. and Fidler, Roger and Schierhorn, Ann B. and Schierhorn, Carl},
	journal = {Newspaper Research Journal},
	number = {4},
	pages = {50--61},
	title = {Portrait vs. {Landscape}: Potential {Users}' {Preferences} for {Screen} {Orientation}},
	volume = {20},
}

@misc{LCLC,
	note = {[Online; accessed 2024-03-09]},
	author = {,},
	title = {LC-{M27}-{QHD}-180 - 27" {PC} {Monitor} {Specifications}},
	howpublished = {https://www.lc-power.com/fileadmin/user\textunderscore{}upload/pdf/english/Monitore/LC-M27-QHD-180/LC-M27-QHD-180\textunderscore{}datasheet.pdf},
}


